@misc{pandocs,
  author = "Marat Fayzullin, Pascal Felber, Paul Robson and Martin Korth",
  title = {{Pan Docs}},
  howpublished = "\url{http://bgb.bircd.org/pandocs.htm}",
  year = {1998}
}

@misc{ninty,
  author = {Nintendo},
  title = {{Manual Oficial de Programación para Game Boy}},
  year = {1999}
}

@misc{gbwiki,
  author = {{nitro2k01}},
  title = {{Game Boy Development Wiki}},
  howpublished = "\url{https://gbdev.gg8.se/wiki/articles/Main_Page}",
  year = {2008}
}

@misc{goldensacra,
  author = {{Ángel Jesús Terol Martínez}},
  title = {{Golden Sacra - Videojuego en ensamblador para Game Boy}},
  howpublished = "\url{https://rua.ua.es/dspace/handle/10045/109317}",
  year = {2020}
}

@misc{spiwiki,
  author = {{Wikipedia}},
  title = {{Serial Peripheral Interface}},
  howpublished = "\url{https://es.wikipedia.org/wiki/Serial_Peripheral_Interface}",
  year = {2023}
}

@misc{linkcablewiki,
  author = {{Bulbapedia}},
  title = {{Game Link Cable}},
  howpublished = "\url{https://bulbapedia.bulbagarden.net/wiki/Game_Link_Cable}",
  year = {2024}
}

@misc{ch,
  author = {{Computing History}},
  title = {{Nintendo Game Boy}},
  howpublished = "\url{http://www.computinghistory.org.uk/det/4033/Nintendo-Game-Boy/}",
  year = {2013}
}

@misc{wikigbf,
  author = {{Wikiguru}},
  title = {{z80 Heaven}},
  howpublished = "\url{http://z80-heaven.wikidot.com/}",
  year = {2007}
}

@misc{cpudocs,
  author = {{Marc Rawer}},
  title = {{Game Boy CPU Manual}},
  howpublished = "\url{http://marc.rawer.de/Gameboy/Docs/GBCPUman.pdf}",
  year = {1999}
}

@misc{opcodes,
  author = {{Pastraiser}},
  title = {{Gameboy CPU (LR35902) instruction set}},
  howpublished = "\url{https://www.pastraiser.com/cpu/gameboy/gameboy_opcodes.html}"
}

@misc{howto,
  author = {{Ryan Levick}},
  title = {{DMG-01: How to Emulate a Game Boy}},
  howpublished = "\url{https://rylev.github.io/DMG-01/public/book/introduction.html}",
  year = {2020}
}

@misc{zid,
  author = {{Peter Johnson}},
  title = {{C Game Boy Emulator}},
  howpublished = "\url{https://github.com/zid/gameboy}",
  year = {2022}
}

@misc{newpandocs,
  title = {{New Pan Docs}},
  howpublished = "\url{https://gbdev.io/pandocs/Specifications.html}",
  year = {2020}
}

@misc{gbedg,
author = {{Hacktix, Brian Jia}},
  title = {{GBEDG - Gamevoy Emulator Development Guide}},
  howpublished = "\url{https://hacktix.github.io/GBEDG/}",
  year = {2023}
}

@misc{tetris,
author = {{Alexsteb}},
  title = {{Disassembly of Tetris for the Gameboy}},
  howpublished = "\url{https://github.com/alexsteb/tetris_disassembly/tree/master}",
  year = {2021}
}

@misc{cycleaccurate,
  author = {{Antonio Niño Díaz}},
  title = {{The Cycle-Accurate Game Boy Docs}},
  howpublished = "\url{https://raw.githubusercontent.com/geaz/emu-gameboy/master/docs/The%20Cycle-Accurate%20Game%20Boy%20Docs.pdf}",
  year = {2015}
}

@misc{howwindow,
  author = {{System of Levers}},
  title = {{The Window Layer - How GameBoy Graphics Work}},
  howpublished = "\url{https://www.youtube.com/watch?v=8TVgN16DrEU}",
  year = {2023}
}

@misc{lld,
  author = {{Low Level Devel}},
  title = {{Gameboy Emulator Development}},
  howpublished = "\url{https://www.youtube.com/watch?v=e87qKixKFME&list=PLVxiWMqQvhg_yk4qy2cSC3457wZJga_e5&index=2}",
  year = {2021}
}

@misc{hardwaredatabase,
  author = {{Gekkio}},
  title = {{Game Boy hardware database}},
  howpublished = "\url{https://gbhwdb.gekkio.fi/}",
  year = {2024}
}